@article{Bahrani,
  author =       "Abdullah Al-Bahrani",
                 "Darshak Patel",
  title =        "Incorporating Twitter, Instagram, and Facebook in Economics Classrooms.",
  journal =      "The Journal of Economic Education",
  volume =       "46",
  number =       "1",
  pages =        "56-67",
  year =         "2015",
  DOI =          "https://www.tandfonline.com/doi/full/10.1080/00220485.2014.978922?scroll=top&needAccess=true"
}

@article{Knight,
  author =       "Charles G. Knight",
                 "Linda K. Kaye",
  title =        "‘To tweet or not to tweet?’ A comparison of academics’ and students’ usage of Twitter in academic contexts.",
  journal =      "Innovations in Education and Teaching International",
  volume =       "53",
  number =       "2",
  pages =        "145-155",
  year =         "2016",
  DOI =          "https://www.tandfonline.com/doi/abs/10.1080/14703297.2014.928229"
}

@article{Priem,
  author =       "Jason Priem",
                 "Kaitlin Light Costello",
  title =        "How and Why SCholars Cite on Twitter.",
  journal =      "Proceedings of the Association for Information Science and Technology",
  volume =       "47",
  number =       "1",
  year =         "2011",
  DOI =          "https://onlinelibrary.wiley.com/doi/full/10.1002/meet.14504701201"
}

@article{Rinaldo,
  author =       "Shannon B. Rinaldo",
                 "Suzanne Tapp",
                 "Debra A. Laverie",
  title =        "Learning By Tweeting: Using Twitter as a PEdagogical Tool.",
  journal =      "Journal of Marketing Education",
  volume =       "33",
  number =       "2",
  pages =        "193-203"
  year =         "2011",
  DOI =          "https://onlinelibrary.wiley.com/doi/full/10.1002/meet.14504701201"
}

@article{Gruzd,
  author =       "Anatoliy Gruzd",
                 "Melissa Goertzen",
  title =        "Wired Academia: Why Social Science Scholars Are Using Social Media.",
  journal =      "46th Hawaii International Conference on Social Sciences",
  pages =        "3332-3341"
  year =         "2013",
  DOI =          "https://onlinelibrary.wiley.com/doi/full/10.1002/meet.14504701201"
}

@article{Budge,
  author =       "Kylie Budge",
                 "Narelle Lemon",
                 "Megan McPherson",
  title =        "Academics Who Tweet: "Messy" Identities in Academia.",
  journal =      "Journal of Applied Research in Higher Education",
  volume =       "8",
  number =       "2",
  pages =        "210-221"
  year =         "2016",
  DOI =          "https://onlinelibrary.wiley.com/doi/full/10.1002/meet.14504701201"
}

@misc{Giusta,
    author    = "Marina Della Giusta",
    title     = "Tweeting Economists are Less Effective Communicators than Scientists",
    url       = "http://www.res.org.uk/details/mediabrief/10921411/TWEETING-ECONOMISTS-ARE-LESS-EFFECTIVE-COMMUNICATORS-THAN-SCIENTISTS.html"
}
